@misc{ourpaper,
    title = {Batching Techniques for Accumulators with Applications to IOPs and Stateless Blockchains},
    author = {Dan Boneh and Benedikt Buenz and Benjamin Fisch},
    howpublished = {Cryptology ePrint Archive, Report 2018/1188},
    year = {2018},
    note = {\url{https://eprint.iacr.org/2018/1188}},
}
